%%%%%% introduction
@article{sinsky,
  title={Allocation of physician time in ambulatory practice: a time and motion study in 4 specialties},
  author={Sinsky, Christine and Colligan, Lacey and Li, Ling and Prgomet, Mirela and Reynolds, Sam and Goeders, Lindsey and Westbrook, Johanna and Tutty, Michael and Blike, George},
  journal={Annals of internal medicine},
  volume={165},
  number={11},
  pages={753--760},
  year={2016},
  publisher={Am Coll Physicians}
}

@article{hampton1975,
  title={Relative contributions of history-taking, physical examination, and laboratory investigation to diagnosis and management of medical outpatients.},
  author={Hampton, John R and Harrison, MJ and Mitchell, John R and Prichard, Jane S and Seymour, Carol},
  journal={Br Med J},
  volume={2},
  number={5969},
  pages={486--489},
  year={1975},
  publisher={British Medical Journal Publishing Group}
}

@unpublished{johndocument,
	author	= "John Michael Mendoza and Fabio Casati and Marcos Baez and Shelley Ann Dela Vega and Jose Alvin Mojica and Angely Garcia and Enrico Soprano",
	title	= "{Evaluation of the Chatbot Automated Medical History Taking System at the Philippine General Hospital}",
	year	= "2018",
	month	= "January",
	note	= "Institute on Aging, National Institute of Health – University of the Philippines Manila; Department of Information Engineering and Science - University of Trento, Italy; Department of Rehabilitation Medicine, University of the Philippines Manila – Philippine General Hospital",
}

@misc{historytakingwiki,
  title = {{Medical History}},
  howpublished = {https://en.wikipedia.org/wiki/Medical\_history},
  note = {Last access 21/08/2019}
}

@misc{bodypartswiki,
  title = {Glossary of medicine},
  howpublished = {https://en.wikipedia.org/wiki/Glossary\_of\_medicine},
  note = {Last access 29/07/2019}
}

@misc{imagernetoverview,
  title = "{R-NET: Machine Reading Comprehension With Self-Matching Networks}",
  howpublished = {https://slideplayer.com/slide/12351679/},
  note = {8th slide. Last access 29/07/2019}
}

@book{medcin,
  title="{MEDCIN: a new nomenclature for clinical medicine}",
  author={Goltra, Peter S},
  year={2012},
  publisher={Springer Science \& Business Media}
}

@article{umls,
  title="{The unified medical language system (UMLS): integrating biomedical terminology}",
  author={Bodenreider, Olivier},
  journal={Nucleic acids research},
  volume={32},
  number={suppl\_1},
  pages={D267--D270},
  year={2004},
  publisher={Oxford University Press}
}

@article{squad,
  title={Squad: 100,000+ questions for machine comprehension of text},
  author={Rajpurkar, Pranav and Zhang, Jian and Lopyrev, Konstantin and Liang, Percy},
  journal={arXiv preprint arXiv:1606.05250},
  year={2016}
}

@inproceedings{glove,
  author = {Jeffrey Pennington and Richard Socher and Christopher D. Manning},
  booktitle = "{Empirical Methods in Natural Language Processing (EMNLP)}",
  title = {GloVe: Global Vectors for Word Representation},
  year = {2014},
  pages = {1532--1543},
  url = {http://www.aclweb.org/anthology/D14-1162},
}

@article{bert,
  title={Bert: Pre-training of deep bidirectional transformers for language understanding},
  author={Devlin, Jacob and Chang, Ming-Wei and Lee, Kenton and Toutanova, Kristina},
  journal={arXiv preprint arXiv:1810.04805},
  year={2018}
}

@inproceedings{rnet,
  title={Gated self-matching networks for reading comprehension and question answering},
  author={Wang, Wenhui and Yang, Nan and Wei, Furu and Chang, Baobao and Zhou, Ming},
  booktitle={Proceedings of the 55th Annual Meeting of the Association for Computational Linguistics (Volume 1: Long Papers)},
  pages={189--198},
  year={2017}
}

@misc{understandingrnet,
  title = "{Understanding R-NET, Microsoft's superhuman reading AI}",
  howpublished = {https://codeburst.io/understanding-r-net-microsofts-superhuman-reading-ai-23ff7ededd96},
  note = {The following example is extracted from this blog post. Last access 25/08/2019}
}

@inproceedings{deeppavlov,
  title="{DeepPavlov: open-source library for dialogue systems}",
  author={Burtsev, Mikhail and Seliverstov, Alexander and Airapetyan, Rafael and Arkhipov, Mikhail and Baymurzina, Dilyara and Bushkov, Nickolay and Gureenkova, Olga and Khakhulin, Taras and Kuratov, Yuri and Kuznetsov, Denis and others},
  booktitle={Proceedings of ACL 2018, System Demonstrations},
  pages={122--127},
  year={2018}
}

@inproceedings{attentionisallyouneed,
  title={Attention is all you need},
  author={Vaswani, Ashish and Shazeer, Noam and Parmar, Niki and Uszkoreit, Jakob and Jones, Llion and Gomez, Aidan N and Kaiser, {\L}ukasz and Polosukhin, Illia},
  booktitle={Advances in neural information processing systems},
  pages={5998--6008},
  year={2017}
}

@misc{snowballstemmer,
  title={Snowball: A language for stemming algorithms},
  author={Porter, Martin F},
  year={2001}
}

@article{nltk,
  title="{NLTK: the natural language toolkit}",
  author={Loper, Edward and Bird, Steven},
  journal={arXiv preprint cs/0205028},
  year={2002}
}

@inproceedings{stanfordnlp,
  title="{The Stanford CoreNLP natural language processing toolkit}",
  author={Manning, Christopher and Surdeanu, Mihai and Bauer, John and Finkel, Jenny and Bethard, Steven and McClosky, David},
  booktitle={Proceedings of 52nd annual meeting of the association for computational linguistics: system demonstrations},
  pages={55--60},
  year={2014}
}

@misc{baas,
  title = {\texttt{bert-as-a-service}},
  howpublished = {https://github.com/hanxiao/bert-as-service},
  note = {Last access 29/08/2019}
}

@misc{anytree,
  title = {\texttt{anytree}},
  howpublished = {https://github.com/c0fec0de/anytree},
  note = {Last access 13/08/2019}
}

@misc{poolingstrategies,
  title = "{Illustrated BERT}",
  howpublished = {http://jalammar.github.io/illustrated-bert/},
  note = {Last access 17/08/2019}
}

@inproceedings{word2vec,
  title={Distributed representations of words and phrases and their compositionality},
  author={Mikolov, Tomas and Sutskever, Ilya and Chen, Kai and Corrado, Greg S and Dean, Jeff},
  booktitle={Advances in neural information processing systems},
  pages={3111--3119},
  year={2013}
}

@misc{doctorslounge,
  title = "{Doctors Lounge's forum}",
  howpublished = {https://www.doctorslounge.com/forums/},
  note = {\textcopyright 2001-2007, Doctors Lounge,  All rights reserved. Last access 19/07/2019}
}

@article{gru,
  title={Empirical evaluation of gated recurrent neural networks on sequence modeling},
  author={Chung, Junyoung and Gulcehre, Caglar and Cho, KyungHyun and Bengio, Yoshua},
  journal={arXiv preprint arXiv:1412.3555},
  year={2014}
}

@article{stateart,
  title={Entity recognition from clinical texts via recurrent neural network},
  author={Liu, Zengjian and Yang, Ming and Wang, Xiaolong and Chen, Qingcai and Tang, Buzhou and Wang, Zhe and Xu, Hua},
  journal={BMC medical informatics and decision making},
  volume={17},
  number={2},
  pages={67},
  year={2017},
  publisher={BioMed Central}
}

@article{jiang2011,
  title={A study of machine-learning-based approaches to extract clinical entities and their assertions from discharge summaries},
  author={Jiang, Min and Chen, Yukun and Liu, Mei and Rosenbloom, S Trent and Mani, Subramani and Denny, Joshua C and Xu, Hua},
  journal={Journal of the American Medical Informatics Association},
  volume={18},
  number={5},
  pages={601--606},
  year={2011},
  publisher={BMJ Group BMA House, Tavistock Square, London, WC1H 9JR}
}

@inproceedings{jimeno2008,
  title={Assessment of disease named entity recognition on a corpus of annotated sentences},
  author={Jimeno, Antonio and Jimenez-Ruiz, Ernesto and Lee, Vivian and Gaudan, Sylvain and Berlanga, Rafael and Rebholz-Schuhmann, Dietrich},
  booktitle={BMC bioinformatics},
  volume={9},
  number={3},
  pages={S3},
  year={2008},
  organization={BioMed Central}
}

@inproceedings{aramaki2009,
  title={Text2table: Medical text summarization system based on named entity recognition and modality identification},
  author={Aramaki, Eiji and Miura, Yasuhide and Tonoike, Masatsugu and Ohkuma, Tomoko and Mashuichi, Hiroshi and Ohe, Kazuhiko},
  booktitle={Proceedings of the Workshop on Current Trends in Biomedical Natural Language Processing},
  pages={185--192},
  year={2009},
  organization={Association for Computational Linguistics}
}

@article{skeppstedt2014,
  title={Automatic recognition of disorders, findings, pharmaceuticals and body structures from clinical text: An annotation and machine learning study},
  author={Skeppstedt, Maria and Kvist, Maria and Nilsson, Gunnar H and Dalianis, Hercules},
  journal={Journal of biomedical informatics},
  volume={49},
  pages={148--158},
  year={2014},
  publisher={Elsevier}
}

@article{NERoverEHR,
  title={Named entity recognition over electronic health records through a combined dictionary-based approach},
  author={Quimbaya, Alexandra Pomares and M{\'u}nera, Alejandro Sierra and Rivera, Rafael Andr{\'e}s Gonz{\'a}lez and Rodr{\'\i}guez, Juli{\'a}n Camilo Daza and Velandia, Oscar Mauricio Mu{\~n}oz and Pe{\~n}a, Angel Alberto Garcia and Labb{\'e}, Cyril},
  journal={Procedia Computer Science},
  volume={100},
  pages={55--61},
  year={2016},
  publisher={Elsevier}
}

@article{liu2017,
  title={Entity recognition from clinical texts via recurrent neural network},
  author={Liu, Zengjian and Yang, Ming and Wang, Xiaolong and Chen, Qingcai and Tang, Buzhou and Wang, Zhe and Xu, Hua},
  journal={BMC medical informatics and decision making},
  volume={17},
  number={2},
  pages={67},
  year={2017},
  publisher={BioMed Central}
}

@article{wei2016disease,
  title={Disease named entity recognition by combining conditional random fields and bidirectional recurrent neural networks},
  author={Wei, Qikang and Chen, Tao and Xu, Ruifeng and He, Yulan and Gui, Lin},
  journal={Database},
  volume={2016},
  year={2016},
  publisher={Oxford University Press}
}

@article{cui2vec,
  title={Clinical Concept Embeddings Learned from Massive Sources of Multimodal Medical Data},
  author={Beam, Andrew L and Kompa, Benjamin and Fried, Inbar and Palmer, Nathan P and Shi, Xu and Cai, Tianxi and Kohane, Isaac S},
  journal={arXiv preprint arXiv:1804.01486},
  year={2018}
}
